@article{Haase2014,
author = {Haase, Knut and Müller, Sven},
year = {2014},
month = {09},
title = {Upper and lower bounds for the sales force deployment problem with explicit contiguity constraints},
journal = {European Journal of Operational Research}
}


@article{Skiera1998,
author = {Skiera, Bernd and Albers, Sönke},
title = {COSTA: Contribution Optimizing Sales Territory Alignment},
journal = {Marketing Science},
volume = {17},
number = {3},
pages = {196-213},
year = {1998}
}

@article{Drexl1999,
author = {Drexl, Andreas and Haase, Knut},
title = {Fast Approximation Methods for Sales Force Deployment},
journal = {Management Science},
volume = {45},
number = {10},
pages = {1307-1323},
year = {1999}}

@article{Shirabe2009,
author = {Takeshi Shirabe},
title ={Districting Modeling with Exact Contiguity Constraints},
journal = {Environment and Planning B: Planning and Design},
volume = {36},
number = {6},
pages = {1053-1066},
year = {2009}}